
本科毕业论文（设计）参考文献式样

@article{de1997hardware,
  title={Hardware/software co-design},
  author={De Michell, Giovanni and Gupta, Rajesh K},
  journal={Proceedings of the IEEE},
  volume={85},
  number={3},
  pages={349--365},
  year={1997},
  publisher={IEEE}
}

@article{kuon2008fpga,
  title={FPGA architecture: Survey and challenges},
  author={Kuon, Ian and Tessier, Russell and Rose, Jonathan and others},
  journal={Foundations and Trends{\textregistered} in Electronic Design Automation},
  volume={2},
  number={2},
  pages={135--253},
  year={2008},
  publisher={Now Publishers, Inc.}
}

@article{cong2022fpga,
  title={FPGA HLS today: successes, challenges, and opportunities},
  author={Cong, Jason and Lau, Jason and Liu, Gai and Neuendorffer, Stephen and Pan, Peichen and Vissers, Kees and Zhang, Zhiru},
  journal={ACM Transactions on Reconfigurable Technology and Systems (TRETS)},
  volume={15},
  number={4},
  pages={1--42},
  year={2022},
  publisher={ACM New York, NY}
}

@book{demuth1956report,
  title={A report on electronic data sorting},
  author={Demuth, Howard B},
  year={1956},
  publisher={Stanford Research Institute}
}

@article{bender2006insertion,
  title={Insertion sort is O (n log n)},
  author={Bender, Michael A and Farach-Colton, Martin and Mosteiro, Miguel A},
  journal={Theory of Computing systems},
  volume={39},
  pages={391--397},
  year={2006},
  publisher={Springer}
}

@inproceedings{mcilroy1993optimistic,
  title={Optimistic sorting and information theoretic complexity},
  author={McIlroy, Peter},
  booktitle={SODA},
  pages={467--474},
  year={1993}
}

@article{zurek2013comparison,
  title={The comparison of parallel sorting algorithms implemented on different hardware platforms},
  author={{\.Z}urek, Dominik and Pietro{\'n}, Marcin and Wielgosz, Maciej and Wiatr, Kazimierz},
  journal={Computer Science},
  volume={14},
  number={4)},
  pages={679--691},
  year={2013}
}

@inproceedings{danelutto2016divide,
  title={A divide-and-conquer parallel pattern implementation for multicores},
  author={Danelutto, Marco and De Matteis, Tiziano and Mencagli, Gabriele and Torquati, Massimo},
  booktitle={Proceedings of the 3rd International Workshop on Software Engineering for Parallel Systems},
  pages={10--19},
  year={2016}
}

@article{jan2012fast,
  title={Fast parallel sorting algorithms on GPUs},
  author={Jan, Bilal and Montrucchio, Bartolomeo and Ragusa, Carlo and Khan, Fiaz Gul and Khan, Omar},
  journal={International Journal of Distributed and Parallel Systems},
  volume={3},
  number={6},
  pages={107},
  year={2012},
  publisher={Academy \& Industry Research Collaboration Center (AIRCC)}
}

@inproceedings{georgopoulos2016evaluation,
  title={An evaluation of vivado HLS for efficient system design},
  author={Georgopoulos, Konstantinos and Chrysos, Grigorios and Malakonakis, Pavlos and Nikitakis, Antonis and Tampouratzis, Nikos and Dollas, Apostolos and Pnevmatikatos, Dionisios and Papaefstathiou, Yannis},
  booktitle={2016 International Symposium ELMAR},
  pages={195--199},
  year={2016},
  organization={IEEE}
}

@inproceedings{chen2015energy,
  title={Energy and memory efficient mapping of bitonic sorting on FPGA},
  author={Chen, Ren and Siriyal, Sruja and Prasanna, Viktor},
  booktitle={Proceedings of the 2015 ACM/SIGDA International Symposium on Field-Programmable Gate Arrays},
  pages={240--249},
  year={2015}
}

@inproceedings{matai2016resolve,
  title={Resolve: Generation of high-performance sorting architectures from high-level synthesis},
  author={Matai, Janarbek and Richmond, Dustin and Lee, Dajung and Blair, Zac and Wu, Qiongzhi and Abazari, Amin and Kastner, Ryan},
  booktitle={Proceedings of the 2016 ACM/SIGDA International Symposium on Field-Programmable Gate Arrays},
  pages={195--204},
  year={2016}
}

@article{purnomo2016implementation,
  title={Implementation of serial and parallel bubble sort on fpga},
  author={Purnomo, Dwi Marhaendro Jati and Arinaldi, Ahmad and Priyantini, Dwi Teguh and Wibisono, Ari and Febrian, Andreas},
  journal={Jurnal Ilmu Komputer dan Informasi},
  volume={9},
  number={2},
  pages={113--120},
  year={2016}
}

@inproceedings{romanous2020high,
  title={High-performance parallel radix sort on fpga},
  author={Romanous, Bashar and Rezvani, Mohammadreza and Huang, Junjie and Wong, Daniel and Papalexakis, Evangelos E and Tsotras, Vassilis J and Najjar, Walid},
  booktitle={2020 IEEE 28th Annual International Symposium on Field-Programmable Custom Computing Machines (FCCM)},
  pages={224--224},
  year={2020},
  organization={IEEE}
}

@book{hlsbook,
author = {{B. Carrion Schaefer}},
year = {2023},
title = {{High-Level Synthesis Made Easy}},
publisher = {highX Technlogies}
}

@ARTICLE{pp4fpgas,
author = {{Kastner}, R. and {Matai}, J. and {Neuendorffer}, S.},
title = "{Parallel Programming for FPGAs}",
journal = {ArXiv e-prints},
archivePrefix = "arXiv",
eprint = {1805.03648},
keywords = {Computer Science - Hardware Architecture},
year = 2018,
month = may
}

@article{qiao2022topsort,
  title={Topsort: A high-performance two-phase sorting accelerator optimized on hbm-based fpgas},
  author={Qiao, Weikang and Guo, Licheng and Fang, Zhenman and Chang, Mau-Chung Frank and Cong, Jason},
  journal={IEEE Transactions on Emerging Topics in Computing},
  year={2022},
  publisher={IEEE}
}

@inproceedings{jayaraman2022hypersort,
  title={Hypersort: High-performance Parallel Sorting on HBM-enabled FPGA},
  author={Jayaraman, Soundarya and Zhang, Bingyi and Prasanna, Viktor},
  booktitle={2022 International Conference on Field-Programmable Technology (ICFPT)},
  pages={1--11},
  year={2022},
  organization={IEEE}
}

@article{noauthor_vitis_2022,
	title = {Vitis {High}-{Level} {Synthesis} {User} {Guide}},
	year = {2022},
	author={Xilinx.}
}

@article{meagher1980octree,
  title={Octree encoding: A new technique for the representation, manipulation and display of arbitrary three dimensional objects by computer},
  author={Meagher, D},
  journal={Rensselaer Polytechnic Institute, Troy, NY},
  year={1980}
}

@article{morton1966computer,
  title={A computer oriented geodetic data base and a new technique in file sequencing},
  author={Morton, Guy M},
  year={1966},
  publisher={International Business Machines Company New York}
}

@inproceedings{karras2012maximizing,
  title={Maximizing parallelism in the construction of BVHs, octrees, and k-d trees},
  author={Karras, Tero},
  booktitle={Proceedings of the Fourth ACM SIGGRAPH/Eurographics conference on High-Performance Graphics},
  pages={33--37},
  year={2012}
}

@article{cong2011high,
  title={High-level synthesis for FPGAs: From prototyping to deployment},
  author={Cong, Jason and Liu, Bin and Neuendorffer, Stephen and Noguera, Juanjo and Vissers, Kees and Zhang, Zhiru},
  journal={IEEE Transactions on Computer-Aided Design of Integrated Circuits and Systems},
  volume={30},
  number={4},
  pages={473--491},
  year={2011},
  publisher={IEEE}
}